<record><leader>00000cas a2200000 a 4500</leader><controlfield tag="001">10203646</controlfield><controlfield tag="008">831209d18181825msuwr ne      0    0eng  </controlfield><datafield ind1=" " ind2=" " tag="010"><subfield code="a">sn 83016908 </subfield></datafield><datafield ind1=" " ind2=" " tag="040"><subfield code="a">DLC</subfield><subfield code="b">eng</subfield><subfield code="c">DLC</subfield><subfield code="d">NPU</subfield><subfield code="d">MSJ</subfield><subfield code="d">DLC</subfield><subfield code="d">ANU</subfield><subfield code="d">KNP</subfield><subfield code="d">CVF</subfield><subfield code="d">CRL</subfield><subfield code="d">OCL</subfield><subfield code="d">OCLCG</subfield><subfield code="d">CUI</subfield><subfield code="d">OCLCQ</subfield><subfield code="d">OCLCF</subfield><subfield code="d">OCLCA</subfield></datafield><datafield ind1="1" ind2=" " tag="029"><subfield code="a">AU@</subfield><subfield code="b">000025785705</subfield></datafield><datafield ind1=" " ind2=" " tag="042"><subfield code="a">pcc</subfield></datafield><datafield ind1=" " ind2=" " tag="043"><subfield code="a">n-us-ms</subfield></datafield><datafield ind1="0" ind2="0" tag="050"><subfield code="a">Newspaper 8568</subfield></datafield><datafield ind1=" " ind2="4" tag="050"><subfield code="a">AN</subfield></datafield><datafield ind1="0" ind2=" " tag="130"><subfield code="a">Mississippi state gazette (Natchez, Miss. : 1818)</subfield></datafield><datafield ind1="1" ind2="4" tag="245"><subfield code="a">The Mississippi state gazette.</subfield></datafield><datafield ind1=" " ind2=" " tag="260"><subfield code="a">Natchez [Miss.] :</subfield><subfield code="b">Andrew Marschalk,</subfield><subfield code="c">1818-1825.</subfield></datafield><datafield ind1=" " ind2=" " tag="300"><subfield code="a">v. ;</subfield><subfield code="c">52-57 cm.</subfield></datafield><datafield ind1=" " ind2=" " tag="310"><subfield code="a">Weekly,</subfield><subfield code="b">Aug. 23, 1823-May 14, 1825</subfield></datafield><datafield ind1=" " ind2=" " tag="321"><subfield code="a">Weekly,</subfield><subfield code="b">Jan. 3-Sept. 5, 1818</subfield></datafield><datafield ind1=" " ind2=" " tag="321"><subfield code="a">Semiweekly,</subfield><subfield code="b">Sept. 9, 1818-July 3, 1819</subfield></datafield><datafield ind1=" " ind2=" " tag="321"><subfield code="a">Weekly,</subfield><subfield code="b">July 10, 1819-Dec. 14, 1822</subfield></datafield><datafield ind1=" " ind2=" " tag="321"><subfield code="a">Semiweekly,</subfield><subfield code="b">Dec. 18, 1822-Aug. 16, 1823</subfield></datafield><datafield ind1="0" ind2=" " tag="362"><subfield code="a">Vol. 6, no. 1 (Jan. 3, 1818)-v. 13, no. 20 (May 14, 1825).</subfield></datafield><datafield ind1=" " ind2=" " tag="500"><subfield code="a">Publishers: Marschalk &amp; Evens, &lt;July 18, 1818-Dec. 25, 1819&gt;</subfield></datafield><datafield ind1=" " ind2=" " tag="500"><subfield code="a">Title varies slightly.</subfield></datafield><datafield ind1=" " ind2=" " tag="500"><subfield code="a">Published in Washington, Miss., Aug. 23-Nov. 22, 1823.</subfield></datafield><datafield ind1=" " ind2=" " tag="500"><subfield code="a">Editor: Andrew Marschalk.</subfield></datafield><datafield ind1=" " ind2=" " tag="515"><subfield code="a">Suspended Sept. 11-Nov. 27, 1819.</subfield></datafield><datafield ind1=" " ind2=" " tag="530"><subfield code="a">Also issued on microfilm from UMI.</subfield></datafield><datafield ind1=" " ind2="0" tag="651"><subfield code="a">Natchez (Miss.)</subfield><subfield code="v">Newspapers.</subfield></datafield><datafield ind1=" " ind2="0" tag="651"><subfield code="a">Washington (Miss.)</subfield><subfield code="v">Newspapers.</subfield></datafield><datafield ind1=" " ind2="0" tag="651"><subfield code="a">Adams County (Miss.)</subfield><subfield code="v">Newspapers.</subfield></datafield><datafield ind1=" " ind2="0" tag="651"><subfield code="a">Mississippi</subfield><subfield code="v">Newspapers.</subfield></datafield><datafield ind1=" " ind2="7" tag="655"><subfield code="a">Newspapers.</subfield><subfield code="2">fast</subfield><subfield code="0">(OCoLC)fst01423814</subfield></datafield><datafield ind1=" " ind2="7" tag="651"><subfield code="a">Mississippi.</subfield><subfield code="2">fast</subfield><subfield code="0">(OCoLC)fst01207034</subfield></datafield><datafield ind1=" " ind2="7" tag="651"><subfield code="a">Mississippi</subfield><subfield code="z">Adams County.</subfield><subfield code="2">fast</subfield><subfield code="0">(OCoLC)fst01214708</subfield></datafield><datafield ind1=" " ind2="7" tag="651"><subfield code="a">Mississippi</subfield><subfield code="z">Natchez.</subfield><subfield code="2">fast</subfield><subfield code="0">(OCoLC)fst01204961</subfield></datafield><datafield ind1=" " ind2="7" tag="651"><subfield code="a">Mississippi</subfield><subfield code="z">Washington.</subfield><subfield code="2">fast</subfield><subfield code="0">(OCoLC)fst01868447</subfield></datafield><datafield ind1="1" ind2=" " tag="700"><subfield code="a">Marschalk, Andrew,</subfield><subfield code="d">1767-1838.</subfield></datafield><datafield ind1=" " ind2=" " tag="752"><subfield code="a">United States</subfield><subfield code="b">Mississippi</subfield><subfield code="c">Adams</subfield><subfield code="d">Natchez.</subfield></datafield><datafield ind1=" " ind2=" " tag="752"><subfield code="a">United States</subfield><subfield code="b">Mississippi</subfield><subfield code="c">Adams</subfield><subfield code="d">Washington.</subfield></datafield><datafield ind1="0" ind2="8" tag="776"><subfield code="i">Online version:</subfield><subfield code="t">Mississippi state gazette (Natchez, Miss. : 1818 : Online)</subfield><subfield code="w">(OCoLC)659611476</subfield></datafield><datafield ind1="0" ind2="0" tag="780"><subfield code="t">Washington Republican and Natchez intelligencer</subfield><subfield code="w">(DLC)sn 87065447</subfield><subfield code="w">(OCoLC)14264469</subfield></datafield><datafield ind1="0" ind2="0" tag="785"><subfield code="t">Natchez gazette (Natchez, Miss. : 1825)</subfield><subfield code="w">(DLC)sn 83016907</subfield><subfield code="w">(OCoLC)10203579</subfield></datafield></record>